@inproceedings{origin,
  author    = {JiansYuan},
  title     = {NIA Server Player Guide},
  year      = {2023},
  url       = {https://github.com/jiansyuan/NIA_Server_Player_Guide},
}